@article{geyer1992practical,
  title={Practical markov chain monte carlo},
  author={Geyer, Charles J},
  journal={Statistical Science},
  pages={473--483},
  year={1992},
  publisher={JSTOR}
}
@article{neal2011mcmc,
  title={MCMC using Hamiltonian dynamics},
  author={Neal, Radford M and others},
  journal={Handbook of Markov Chain Monte Carlo},
  volume={2},
  pages={113--162},
  year={2011}
}
@article{geman1984stochastic,
  title={Stochastic relaxation, Gibbs distributions, and the Bayesian restoration of images},
  author={Geman, Stuart and Geman, Donald},
  journal={IEEE Transactions on pattern analysis and machine intelligence},
  number={6},
  pages={721--741},
  year={1984},
  publisher={IEEE}
}
@article{besag1986statistical,
  title={On the statistical analysis of dirty pictures},
  author={Besag, Julian},
  journal={Journal of the Royal Statistical Society. Series B (Methodological)},
  pages={259--302},
  year={1986},
  publisher={JSTOR}
}
@book{neal2012bayesian,
  title={Bayesian learning for neural networks},
  author={Neal, Radford M},
  volume={118},
  year={2012},
  publisher={Springer Science \& Business Media}
}
@article{duane1987hybrid,
  title={Hybrid monte carlo},
  author={Duane, Simon and Kennedy, Anthony D and Pendleton, Brian J and Roweth, Duncan},
  journal={Physics letters B},
  volume={195},
  number={2},
  pages={216--222},
  year={1987},
  publisher={Elsevier}
}
@article{girolami2011riemann,
  title={Riemann manifold langevin and hamiltonian monte carlo methods},
  author={Girolami, Mark and Calderhead, Ben},
  journal={Journal of the Royal Statistical Society: Series B (Statistical Methodology)},
  volume={73},
  number={2},
  pages={123--214},
  year={2011},
  publisher={Wiley Online Library}
}
@incollection{betancourt2013general,
  title={A general metric for Riemannian manifold Hamiltonian Monte Carlo},
  author={Betancourt, Michael},
  booktitle={Geometric science of information},
  pages={327--334},
  year={2013},
  publisher={Springer}
}
@article{hoffman2014no,
  title={The No-U-turn sampler: adaptively setting path lengths in Hamiltonian Monte Carlo.},
  author={Hoffman, Matthew D and Gelman, Andrew},
  journal={Journal of Machine Learning Research},
  volume={15},
  number={1},
  pages={1593--1623},
  year={2014}
}
@article{betancourt2016identifying,
  title={Identifying the Optimal Integration Time in Hamiltonian Monte Carlo},
  author={Betancourt, Michael},
  journal={arXiv preprint arXiv:1601.00225},
  year={2016}
}
@phdthesis{choo2000learning,
  title={Learning hyperparameters for neural network models using Hamiltonian dynamics},
  author={Choo, Kiam},
  year={2000},
  school={Citeseer}
}
@article{schmidhuber2015deep,
  title={Deep learning in neural networks: An overview},
  author={Schmidhuber, J{\"u}rgen},
  journal={Neural Networks},
  volume={61},
  pages={85--117},
  year={2015},
  publisher={Elsevier}
}
@book{robert2013monte,
  title={Monte Carlo statistical methods},
  author={Robert, Christian and Casella, George},
  year={2013},
  publisher={Springer Science \& Business Media}
}
@book{brooks2011handbook,
  title={Handbook of Markov Chain Monte Carlo},
  author={Brooks, Steve and Gelman, Andrew and Jones, Galin and Meng, Xiao-Li},
  year={2011},
  publisher={CRC press}
}
@article{tierney1994markov,
  title={Markov chains for exploring posterior distributions},
  author={Tierney, Luke},
  journal={the Annals of Statistics},
  pages={1701--1728},
  year={1994},
  publisher={JSTOR}
}
@article{roberts2004general,
  title={General state space Markov chains and MCMC algorithms},
  author={Roberts, Gareth O and Rosenthal, Jeffrey S and others},
  journal={Probability Surveys},
  volume={1},
  pages={20--71},
  year={2004}
}
@book{gelman2014bayesian,
  title={Bayesian data analysis},
  author={Gelman, Andrew and Carlin, John B and Stern, Hal S and Rubin, Donald B},
  volume={2},
  year={2014},
  publisher={Chapman \& Hall/CRC Boca Raton, FL, USA}
}
@article{roberts1997weak,
  title={Weak convergence and optimal scaling of random walk Metropolis algorithms},
  author={Roberts, Gareth O and Gelman, Andrew and Gilks, Walter R and others},
  journal={The annals of applied probability},
  volume={7},
  number={1},
  pages={110--120},
  year={1997},
  publisher={Institute of Mathematical Statistics}
}
@article{gelman1996efficient,
  title={Efficient metropolis jumping hules},
  author={Gelman, Andrew and Roberts, G and Gilks, W},
  year={1996}
}
@article{roberts2001optimal,
  title={Optimal scaling for various Metropolis-Hastings algorithms},
  author={Roberts, Gareth O and Rosenthal, Jeffrey S and others},
  journal={Statistical science},
  volume={16},
  number={4},
  pages={351--367},
  year={2001},
  publisher={Institute of Mathematical Statistics}
}
@article{roberts1998optimal,
  title={Optimal scaling of discrete approximations to Langevin diffusions},
  author={Roberts, Gareth O and Rosenthal, Jeffrey S},
  journal={Journal of the Royal Statistical Society: Series B (Statistical Methodology)},
  volume={60},
  number={1},
  pages={255--268},
  year={1998},
  publisher={Wiley Online Library}
}
@article{wang1990cluster,
  title={Cluster monte carlo algorithms},
  author={Wang, Jian-Sheng and Swendsen, Robert H},
  journal={Physica A: Statistical Mechanics and its Applications},
  volume={167},
  number={3},
  pages={565--579},
  year={1990},
  publisher={Elsevier}
}
@article{wang1990cluster,
  title={Cluster monte carlo algorithms},
  author={Wang, Jian-Sheng and Swendsen, Robert H},
  journal={Physica A: Statistical Mechanics and its Applications},
  volume={167},
  number={3},
  pages={565--579},
  year={1990},
  publisher={Elsevier}
}
@book{liang2011advanced,
  title={Advanced Markov chain Monte Carlo methods: learning from past samples},
  author={Liang, Faming and Liu, Chuanhai and Carroll, Raymond},
  volume={714},
  year={2011},
  publisher={John Wiley \& Sons}
}
@book{liu2008monte,
  title={Monte Carlo strategies in scientific computing},
  author={Liu, Jun S},
  year={2008},
  publisher={Springer Science \& Business Media}
}
@article{geyer1992practical,
  title={Practical markov chain monte carlo},
  author={Geyer, Charles J},
  journal={Statistical Science},
  pages={473--483},
  year={1992},
  publisher={JSTOR}
}

@article{neal1992improved,
  title={An improved acceptance procedure for the hybrid Monte Carlo algorithm},
  author={Neal, Radford M},
  journal={arXiv preprint hep-lat/9208011},
  year={1992}
}
@inproceedings{graves2011practical,
  title={Practical variational inference for neural networks},
  author={Graves, Alex},
  booktitle={Advances in Neural Information Processing Systems},
  pages={2348--2356},
  year={2011}
}
@article{neal1993bayesian,
  title={Bayesian learning via stochastic dynamics},
  author={Neal, Radford M}
}
@article{beskos2013optimal,
  title={Optimal tuning of the hybrid Monte Carlo algorithm},
  author={Beskos, Alexandros and Pillai, Natesh and Roberts, Gareth and Sanz-Serna, Jesus-Maria and Stuart, Andrew and others},
  journal={Bernoulli},
  volume={19},
  number={5A},
  pages={1501--1534},
  year={2013},
  publisher={Bernoulli Society for Mathematical Statistics and Probability}
}
@inproceedings{chen2014stochastic,
  title={Stochastic Gradient Hamiltonian Monte Carlo.},
  author={Chen, Tianqi and Fox, Emily B and Guestrin, Carlos},
  booktitle={ICML},
  pages={1683--1691},
  year={2014}
}
@inproceedings{ma2015complete,
  title={A complete recipe for stochastic gradient MCMC},
  author={Ma, Yi-An and Chen, Tianqi and Fox, Emily},
  booktitle={Advances in Neural Information Processing Systems},
  pages={2917--2925},
  year={2015}
}
@article{lampinen2001bayesian,
  title={Bayesian approach for neural networks—review and case studies},
  author={Lampinen, Jouko and Vehtari, Aki},
  journal={Neural networks},
  volume={14},
  number={3},
  pages={257--274},
  year={2001},
  publisher={Elsevier}
}
@article{titterington2004bayesian,
  title={Bayesian methods for neural networks and related models},
  author={Titterington, DM},
  journal={Statistical science},
  pages={128--139},
  year={2004},
  publisher={JSTOR}
}
@article{mackay1995probable,
  title={Probable networks and plausible predictions—a review of practical Bayesian methods for supervised neural networks},
  author={MacKay, David JC},
  journal={Network: Computation in Neural Systems},
  volume={6},
  number={3},
  pages={469--505},
  year={1995},
  publisher={Taylor \& Francis}
}
@article{ollivier2013riemannian,
  title={Riemannian metrics for neural networks I: feedforward networks},
  author={Ollivier, Yann},
  journal={arXiv preprint arXiv:1303.0818},
  year={2013}
}
@article{martens2014new,
  title={New insights and perspectives on the natural gradient method},
  author={Martens, James},
  journal={arXiv preprint arXiv:1412.1193},
  year={2014}
}
@article{pascanu2013revisiting,
  title={Revisiting natural gradient for deep networks},
  author={Pascanu, Razvan and Bengio, Yoshua},
  journal={arXiv preprint arXiv:1301.3584},
  year={2013}
}
@article{blundell2015weight,
  title={Weight uncertainty in neural networks},
  author={Blundell, Charles and Cornebise, Julien and Kavukcuoglu, Koray and Wierstra, Daan},
  journal={arXiv preprint arXiv:1505.05424},
  year={2015}
}
@article{teh2014consistency,
  title={Consistency and fluctuations for stochastic gradient Langevin dynamics},
  author={Teh, Yee Whye and Thiery, Alexandre H and Vollmer, Sebastian J}
}
@article{green2015bayesian,
  title={Bayesian computation: a summary of the current state, and samples backwards and forwards},
  author={Green, Peter J and {\L}atuszy{\'n}ski, Krzysztof and Pereyra, Marcelo and Robert, Christian P},
  journal={Statistics and Computing},
  volume={25},
  number={4},
  pages={835--862},
  year={2015},
  publisher={Springer}
}
@inproceedings{welling2011bayesian,
  title={Bayesian learning via stochastic gradient Langevin dynamics},
  author={Welling, Max and Teh, Yee W},
  booktitle={Proceedings of the 28th International Conference on Machine Learning (ICML-11)},
  pages={681--688},
  year={2011}
}
@article{li2015high,
  title={High-order stochastic gradient thermostats for Bayesian learning of deep models},
  author={Li, Chunyuan and Chen, Changyou and Fan, Kai and Carin, Lawrence},
  journal={arXiv preprint arXiv:1512.07662},
  year={2015}
}
@inproceedings{gan2015scalable,
  title={Scalable deep Poisson factor analysis for topic modeling},
  author={Gan, Zhe and Chen, Changyou and Henao, Ricardo and Carlson, David}
}
@inproceedings{ding2014bayesian,
  title={Bayesian sampling using stochastic gradient thermostats},
  author={Ding, Nan and Fang, Youhan and Babbush, Ryan and Chen, Changyou and Skeel, Robert D and Neven, Hartmut},
  booktitle={Advances in neural information processing systems},
  pages={3203--3211},
  year={2014}
}
@article{li2015preconditioned,
  title={Preconditioned stochastic gradient Langevin dynamics for deep neural networks},
  author={Li, Chunyuan and Chen, Changyou and Carlson, David and Carin, Lawrence},
  journal={arXiv preprint arXiv:1512.07666},
  year={2015}
}
@article{ahn2012bayesian,
  title={Bayesian posterior sampling via stochastic gradient Fisher scoring},
  author={Ahn, Sungjin and Korattikara, Anoop and Welling, Max},
  journal={arXiv preprint arXiv:1206.6380},
  year={2012}
}
@inproceedings{chen2015convergence,
  title={On the convergence of stochastic gradient MCMC algorithms with high-order integrators},
  author={Chen, Changyou and Ding, Nan and Carin, Lawrence},
  booktitle={Advances in Neural Information Processing Systems},
  pages={2278--2286},
  year={2015}
}
@inproceedings{wang2013adaptive,
  title={Adaptive Hamiltonian and Riemann manifold Monte Carlo samplers},
  author={Wang, Ziyu and Mohamed, Shakir and De Freitas, Nando}
}
@inproceedings{mahendran2012adaptive,
  title={Adaptive MCMC with Bayesian Optimization.},
  author={Mahendran, Nimalan and Wang, Ziyu and Hamze, Firas and De Freitas, Nando}
}
@inproceedings{snoek2012practical,
  title={Practical bayesian optimization of machine learning algorithms},
  author={Snoek, Jasper and Larochelle, Hugo and Adams, Ryan P},
  booktitle={Advances in neural information processing systems},
  pages={2951--2959},
  year={2012}
}
@article{roberts2009examples,
  title={Examples of adaptive MCMC},
  author={Roberts, Gareth O and Rosenthal, Jeffrey S},
  journal={Journal of Computational and Graphical Statistics},
  volume={18},
  number={2},
  pages={349--367},
  year={2009},
  publisher={Taylor \& Francis}
}
@inproceedings{minka2001expectation,
  title={Expectation propagation for approximate Bayesian inference},
  author={Minka, Thomas P},
  booktitle={Proceedings of the Seventeenth conference on Uncertainty in artificial intelligence},
  pages={362--369},
  year={2001},
  organization={Morgan Kaufmann Publishers Inc.}
}
@article{gelman2014expectation,
  title={Expectation propagation as a way of life},
  author={Gelman, Andrew and Vehtari, Aki and Jyl{\"a}nki, Pasi and Robert, Christian and Chopin, Nicolas and Cunningham, John P},
  journal={arXiv preprint arXiv:1412.4869},
  year={2014}
}
@inproceedings{li2015stochastic,
  title={Stochastic expectation propagation},
  author={Li, Yingzhen and Hern{\'a}ndez-Lobato, Jos{\'e} Miguel and Turner, Richard E},
  booktitle={Advances in Neural Information Processing Systems},
  pages={2323--2331},
  year={2015}
}
@article{hernandez2015probabilistic,
  title={Probabilistic backpropagation for scalable learning of bayesian neural networks},
  author={Hern{\'a}ndez-Lobato, Jos{\'e} Miguel and Adams, Ryan P},
  journal={arXiv preprint arXiv:1502.05336},
  year={2015}
}
@article{dehaene2015expectation,
  title={Expectation propagation in the large-data limit},
  author={Dehaene, Guillaume and Barthelm{\'e}, Simon},
  journal={arXiv preprint arXiv:1503.08060},
  year={2015}
}
@article{teh2015distributed,
  title={Distributed Bayesian Learning with Stochastic Natural-gradient Expectation Propagation and the Posterior Server},
  author={Teh, Yee Whye and Hasenclever, Leonard and Lienart, Thibaut and Vollmer, Sebastian and Webb, Stefan and Lakshminarayanan, Balaji and Blundell, Charles},
  journal={arXiv preprint arXiv:1512.09327},
  year={2015}
}
@inproceedings{boltz2007high,
  title={High-dimensional statistical distance for region-of-interest tracking: Application to combining a soft geometric constraint with radiometry},
  author={Boltz, Sylvain and Debreuve, Eric and Barlaud, Michel},
  booktitle={2007 IEEE Conference on Computer Vision and Pattern Recognition},
  pages={1--8},
  year={2007},
  organization={IEEE}
}
@inproceedings{filippone2015enabling,
  title={Enabling scalable stochastic gradient-based inference for Gaussian processes by employing the Unbiased LInear System SolvEr (ULISSE)},
  author={Filippone, Maurizio and Engler, Raphael}
}
@techreport{burda2011bayesian,
      title={Bayesian Adaptive Hamiltonian Monte Carlo with an Application to
          High-Dimensional BEKK GARCH Models},
        author={Burda, Martin and Maheu, John and others},
          year={2011}
}
@inproceedings{kohavi1995study,
  title={A study of cross-validation and bootstrap for accuracy estimation and model selection},
  author={Kohavi, Ron and others},
  booktitle={Ijcai},
  volume={14},
  number={2},
  pages={1137--1145},
  year={1995},
  organization={Stanford, CA}
}
@inproceedings{mackay1991bayesian,
  title={Bayesian model comparison and backprop nets},
  author={MacKay, David JC}
}
@article{csimcsekli2016stochastic,
  title={Stochastic Quasi-Newton Langevin Monte Carlo},
  author={{\c{S}}im{\c{s}}ekli, Umut and Badeau, Roland and Cemgil, A Taylan and Richard, Ga{\"e}l},
  journal={arXiv preprint arXiv:1602.03442},
  year={2016}
}
@article{watanabe2010asymptotic,
  title={Asymptotic equivalence of Bayes cross validation and widely applicable information criterion in singular learning theory},
  author={Watanabe, Sumio},
  journal={Journal of Machine Learning Research},
  volume={11},
  number={Dec},
  pages={3571--3594},
  year={2010}
}
@inproceedings{yamada2012information,
  title={Information criterion for variational Bayes learning in regular and singular cases},
  author={Yamada, Koshi and Watanabe, Sumio},
  booktitle={Soft Computing and Intelligent Systems (SCIS) and 13th International Symposium on Advanced Intelligent Systems (ISIS), 2012 Joint 6th International Conference on},
  pages={1551--1555},
  year={2012},
  organization={IEEE}
}
cle{jordan1999introduction,
  title={An introduction to variational methods for graphical models},
  author={Jordan, Michael I and Ghahramani, Zoubin and Jaakkola, Tommi S and Saul, Lawrence K},
  journal={Machine learning},
  volume={37},
  number={2},
  pages={183--233},
  year={1999},
  publisher={Springer}
}
@article{fox2012tutorial,
  title={A tutorial on variational Bayesian inference},
  author={Fox, Charles W and Roberts, Stephen J},
  journal={Artificial intelligence review},
  volume={38},
  number={2},
  pages={85--95},
  year={2012},
  publisher={Springer}
}
@article{blei2016variational,
  title={Variational inference: A review for statisticians},
  author={Blei, David M and Kucukelbir, Alp and McAuliffe, Jon D},
  journal={arXiv preprint arXiv:1601.00670},
  year={2016}
}
@article{vivarelli2001comparing,
  title={Comparing Bayesian neural network algorithms for classifying segmented outdoor images},
  author={Vivarelli, Francesco and Williams, Christopher KI},
  journal={Neural Networks},
  volume={14},
  number={4},
  pages={427--437},
  year={2001},
  publisher={Elsevier}
}
@article{mackay1992evidence,
  title={The evidence framework applied to classification networks},
  author={MacKay, David JC},
  journal={Neural computation},
  volume={4},
  number={5},
  pages={720--736},
  year={1992},
  publisher={MIT Press}
}
@inproceedings{hinton1993keeping,
  title={Keeping the neural networks simple by minimizing the description length of the weights},
  author={Hinton, Geoffrey E and Van Camp, Drew},
  booktitle={Proceedings of the sixth annual conference on Computational learning theory},
  pages={5--13},
  year={1993},
  organization={ACM}
}
@article{rezende2014stochastic,
  title={Stochastic backpropagation and approximate inference in deep generative models},
  author={Rezende, Danilo Jimenez and Mohamed, Shakir and Wierstra, Daan},
  journal={arXiv preprint arXiv:1401.4082},
  year={2014}
}
@article{opper2009variational,
  title={The variational Gaussian approximation revisited},
  author={Opper, Manfred and Archambeau, C{\'e}dric},
  journal={Neural computation},
  volume={21},
  number={3},
  pages={786--792},
  year={2009},
  publisher={MIT Press}
}
@article{kingma2013auto,
  title={Auto-encoding variational bayes},
  author={Kingma, Diederik P and Welling, Max},
  journal={arXiv preprint arXiv:1312.6114},
  year={2013}
}
@article{jylanki2014expectation,
  title={Expectation propagation for neural networks with sparsity-promoting priors.},
  author={Jyl{\"a}nki, Pasi and Nummenmaa, Aapo and Vehtari, Aki},
  journal={Journal of Machine Learning Research},
  volume={15},
  number={1},
  pages={1849--1901},
  year={2014}
}
@book{watanabe2009algebraic,
  title={Algebraic geometry and statistical learning theory},
  author={Watanabe, Sumio},
  volume={25},
  year={2009},
  publisher={Cambridge University Press}
}
@book{le2012asymptotic,
  title={Asymptotic methods in statistical decision theory},
  author={Le Cam, Lucien},
  year={2012},
  publisher={Springer Science \& Business Media}
}
@article{neiswanger2013asymptotically,
  title={Asymptotically exact, embarrassingly parallel MCMC},
  author={Neiswanger, Willie and Wang, Chong and Xing, Eric},
  journal={arXiv preprint arXiv:1311.4780},
  year={2013}
}
@article{scott2016bayes,
  title={Bayes and big data: The consensus Monte Carlo algorithm},
  author={Scott, Steven L and Blocker, Alexander W and Bonassi, Fernando V and Chipman, Hugh A and George, Edward I and McCulloch, Robert E},
  journal={International Journal of Management Science and Engineering Management},
  volume={11},
  number={2},
  pages={78--88},
  year={2016},
  publisher={Taylor \& Francis}
}
@article{breiman2001statistical,
  title={Statistical modeling: The two cultures (with comments and a rejoinder by the author)},
  author={Breiman, Leo and others},
  journal={Statistical science},
  volume={16},
  number={3},
  pages={199--231},
  year={2001},
  publisher={Institute of Mathematical Statistics}
@unpublished{Goodfellow-et-al-2016-Book,
    title={Deep Learning},
    author={Ian Goodfellow, Yoshua Bengio, and Aaron Courville},
    note={Book in preparation for MIT Press},
    url={http://www.deeplearningbook.org},
    year={2016}
}
@article{lecun2015deep,
  title={Deep learning},
  author={LeCun, Yann and Bengio, Yoshua and Hinton, Geoffrey},
  journal={Nature},
  volume={521},
  number={7553},
  pages={436--444},
  year={2015},
  publisher={Nature Research}
}
@article{schmidhuber2015deep,
  title={Deep learning in neural networks: An overview},
  author={Schmidhuber, J{\"u}rgen},
  journal={Neural networks},
  volume={61},
  pages={85--117},
  year={2015},
  publisher={Elsevier}
}
@book{bishop1995neural,
  title={Neural networks for pattern recognition},
  author={Bishop, Christopher M},
  year={1995},
  publisher={Oxford university press}
}
@book{ripley2007pattern,
  title={Pattern recognition and neural networks},
  author={Ripley, Brian D},
  year={2007},
  publisher={Cambridge university press}
}
@article{bengio2007greedy,
  title={Greedy layer-wise training of deep networks},
  author={Bengio, Yoshua and Lamblin, Pascal and Popovici, Dan and Larochelle, Hugo and others}
}
@inproceedings{nair2010rectified,
  title={Rectified linear units improve restricted boltzmann machines},
  author={Nair, Vinod and Hinton, Geoffrey E},
  booktitle={Proceedings of the 27th international conference on machine learning (ICML-10)},
  pages={807--814},
  year={2010}
}
@inproceedings{ding2014bayesian,
  title={Bayesian sampling using stochastic gradient thermostats},
  author={Ding, Nan and Fang, Youhan and Babbush, Ryan and Chen, Changyou and Skeel, Robert D and Neven, Hartmut},
  booktitle={Advances in neural information processing systems},
  pages={3203--3211},
  year={2014}
}
@inproceedings{krizhevsky2012imagenet,
  title={Imagenet classification with deep convolutional neural networks},
  author={Krizhevsky, Alex and Sutskever, Ilya and Hinton, Geoffrey E},
  booktitle={Advances in neural information processing systems},
  pages={1097--1105},
  year={2012}
}
@article{bahrampour2015comparative,
  title={Comparative study of deep learning software frameworks},
  author={Bahrampour, Soheil and Ramakrishnan, Naveen and Schott, Lukas and Shah, Mohak},
  journal={arXiv preprint arXiv:1511.06435},
  year={2015}
}
@inproceedings{bergstra2010theano,
  title={Theano: A CPU and GPU math compiler in Python},
  author={Bergstra, James and Breuleux, Olivier and Bastien, Fr{\'e}d{\'e}ric and Lamblin, Pascal and Pascanu, Razvan and Desjardins, Guillaume and Turian, Joseph and Warde-Farley, David and Bengio, Yoshua}
}
@misc{tensorflow2015-whitepaper,
title={ {TensorFlow}: Large-Scale Machine Learning on Heterogeneous Systems},
url={http://tensorflow.org/},
note={Software available from tensorflow.org},
author={
    Mart\'{\i}n~Abadi and
    Ashish~Agarwal and
    Paul~Barham and
    Eugene~Brevdo and
    Zhifeng~Chen and
    Craig~Citro and
    Greg~S.~Corrado and
    Andy~Davis and
    Jeffrey~Dean and
    Matthieu~Devin and
    Sanjay~Ghemawat and
    Ian~Goodfellow and
    Andrew~Harp and
    Geoffrey~Irving and
    Michael~Isard and
    Yangqing Jia and
    Rafal~Jozefowicz and
    Lukasz~Kaiser and
    Manjunath~Kudlur and
    Josh~Levenberg and
    Dan~Man\'{e} and
    Rajat~Monga and
    Sherry~Moore and
    Derek~Murray and
    Chris~Olah and
    Mike~Schuster and
    Jonathon~Shlens and
    Benoit~Steiner and
    Ilya~Sutskever and
    Kunal~Talwar and
    Paul~Tucker and
    Vincent~Vanhoucke and
    Vijay~Vasudevan and
    Fernanda~Vi\'{e}gas and
    Oriol~Vinyals and
    Pete~Warden and
    Martin~Wattenberg and
    Martin~Wicke and
    Yuan~Yu and
    Xiaoqiang~Zheng},
  year={2015},
}
@inproceedings{jia2014caffe,
  title={Caffe: Convolutional architecture for fast feature embedding},
  author={Jia, Yangqing and Shelhamer, Evan and Donahue, Jeff and Karayev, Sergey and Long, Jonathan and Girshick, Ross and Guadarrama, Sergio and Darrell, Trevor},
  booktitle={Proceedings of the 22nd ACM international conference on Multimedia},
  pages={675--678},
  year={2014},
  organization={ACM}
}
@article{hornik1991approximation,
  title={Approximation capabilities of multilayer feedforward networks},
  author={Hornik, Kurt},
  journal={Neural networks},
  volume={4},
  number={2},
  pages={251--257},
  year={1991},
  publisher={Elsevier}
}
@inproceedings{damianou2013deep,
  title={Deep Gaussian Processes.},
  author={Damianou, Andreas C and Lawrence, Neil D}
}
@article{gal2015dropout,
  title={Dropout as a Bayesian approximation: Representing model uncertainty in deep learning},
  author={Gal, Yarin and Ghahramani, Zoubin}
}
@inproceedings{montufar2014number,
  title={On the number of linear regions of deep neural networks},
  author={Montufar, Guido F and Pascanu, Razvan and Cho, Kyunghyun and Bengio, Yoshua},
  booktitle={Advances in neural information processing systems},
  pages={2924--2932},
  year={2014}
}
@article{gal2015bayesian,
  title={Bayesian convolutional neural networks with Bernoulli approximate variational inference},
  author={Gal, Yarin and Ghahramani, Zoubin},
  journal={arXiv preprint arXiv:1506.02158},
  year={2015}
}
@article{neal1996sampling,
  title={Sampling from multimodal distributions using tempered transitions},
  author={Neal, Radford M},
  journal={Statistics and computing},
  volume={6},
  number={4},
  pages={353--366},
  year={1996},
  publisher={Springer}
}
@inproceedings{ngiam2011optimization,
  title={On optimization methods for deep learning},
  author={Ngiam, Jiquan and Coates, Adam and Lahiri, Ahbik and Prochnow, Bobby and Le, Quoc V and Ng, Andrew Y},
  booktitle={Proceedings of the 28th International Conference on Machine Learning (ICML-11)},
  pages={265--272},
  year={2011}
}
@article{wright1999numerical,
  title={Numerical optimization},
  author={Wright, Stephen}
}
@article{robbins1951stochastic,
  title={A stochastic approximation method},
  author={Robbins, Herbert and Monro, Sutton},
  journal={The annals of mathematical statistics},
  pages={400--407},
  year={1951},
  publisher={JSTOR}
}
@inproceedings{zhang2014semi,
  title={Semi-separable Hamiltonian Monte Carlo for inference in Bayesian hierarchical models},
  author={Zhang, Yichuan and Sutton, Charles},
  booktitle={Advances in neural information processing systems},
  pages={10--18},
  year={2014}
}
@inproceedings{boltz2007knn,
  title={kNN-based high-dimensional Kullback-Leibler distance for tracking},
  author={Boltz, Sylvain and Debreuve, Eric and Barlaud, Michel},
  booktitle={Image Analysis for Multimedia Interactive Services, 2007. WIAMIS'07. Eighth International Workshop on},
  pages={16--16},
  year={2007},
  organization={IEEE}
}
@inproceedings{ghosh2016assumed,
  title={Assumed Density Filtering Methods for Learning Bayesian Neural Networks.},
  author={Ghosh, Soumya and Delle Fave, Francesco Maria and Yedidia, Jonathan S},
  booktitle={AAAI},
  pages={1589--1595},
  year={2016}
}
@inproceedings{guyon2004result,
  title={Result Analysis of the NIPS 2003 Feature Selection Challenge.},
  author={Guyon, Isabelle and Gunn, Steve R and Ben-Hur, Asa and Dror, Gideon},
  booktitle={NIPS},
  volume={4},
  pages={545--552},
  year={2004}
}
@article{carpenter2016stan,
  title={Stan: A probabilistic programming language},
  author={Carpenter, Bob}
}
@article{livingstone2016geometric,
  title={On the geometric ergodicity of Hamiltonian Monte Carlo},
  author={Livingstone, Samuel and Betancourt, Michael and Byrne, Simon and Girolami, Mark},
  journal={arXiv preprint arXiv:1601.08057},
  year={2016}
}
@article{betancourt2014geometric,
  title={The geometric foundations of Hamiltonian Monte Carlo},
  author={Betancourt, MJ and Byrne, Simon and Livingstone, Samuel and Girolami, Mark},
  journal={arXiv preprint arXiv:1410.5110},
  year={2014}
}
@article{betancourt2016identifying,
  title={Identifying the Optimal Integration Time in Hamiltonian Monte Carlo},
  author={Betancourt, Michael},
  journal={arXiv preprint arXiv:1601.00225},
  year={2016}
}
@article{betancourt2013generalizing,
  title={Generalizing the no-U-turn sampler to Riemannian manifolds},
  author={Betancourt, MJ},
  journal={arXiv preprint arXiv:1304.1920},
  year={2013}
}
@incollection{betancourt2013general,
  title={A general metric for Riemannian manifold Hamiltonian Monte Carlo},
  author={Betancourt, Michael},
  booktitle={Geometric science of information},
  pages={327--334},
  year={2013},
  publisher={Springer}
}
@book{leimkuhler2004simulating,
  title={Simulating hamiltonian dynamics},
  author={Leimkuhler, Benedict and Reich, Sebastian},
  volume={14},
  year={2004},
  publisher={Cambridge University Press}
}
